@inproceedings {190984,
	author = {Nav Jagpal and Eric Dingle and Jean-Philippe Gravel and Panayiotis Mavrommatis and Niels Provos and Moheeb Abu Rajab and Kurt Thomas},
	title = {Trends and Lessons from Three Years Fighting Malicious Extensions},
	booktitle = {24th USENIX Security Symposium (USENIX Security 15)},
	year = {2015},
	isbn = {978-1-931971-232},
	address = {Washington, D.C.},
	pages = {579--593},
	url = {https://www.usenix.org/conference/usenixsecurity15/technical-sessions/presentation/jagpal},
	publisher = {USENIX Association},
}

@inproceedings {184485,
	author = {Alexandros Kapravelos and Chris Grier and Neha Chachra and Christopher Kruegel and Giovanni Vigna and Vern Paxson},
	title = {Hulk: Eliciting Malicious Behavior in Browser Extensions},
	booktitle = {23rd USENIX Security Symposium (USENIX Security 14)},
	year = {2014},
	month = Aug,
	isbn = {978-1-931971-15-7},
	address = {San Diego, CA},
	pages = {641--654},
	url = {https://www.usenix.org/conference/usenixsecurity14/technical-sessions/presentation/kapravelos},
	publisher = {USENIX Association},
}

@inproceedings {Barth10protectingbrowsers,
	author = {Adam Barth and Adrienne Porter Felt and Prateek Saxena and Aaron Boodman and Adam Barth and Adrienne Porter Felt and Prateek Saxena and Aaron Boodman},
	title = {Protecting Browsers from Extension Vulnerabilities},
	booktitle = {in Proceedings of the 17th Network and Distributed System Security Symposium},
	year = {2010}
}

@inproceedings{Dhawan:2009:AIF:1723192.1723250,
	author = {Dhawan, Mohan and Ganapathy, Vinod},
	title = {Analyzing Information Flow in JavaScript-Based Browser Extensions},
	booktitle = {Proceedings of the 2009 Annual Computer Security Applications Conference},
	series = {ACSAC '09},
	year = {2009},
	isbn = {978-0-7695-3919-5},
	pages = {382--391},
	numpages = {10},
	url = {http://dx.doi.org/10.1109/ACSAC.2009.43},
	doi = {10.1109/ACSAC.2009.43},
	acmid = {1723250},
	publisher = {IEEE Computer Society},
	address = {Washington, DC, USA},
	keywords = {JavaScript, Browser Extensions, JSEs, Information Flow, Vulnerabilities, Web Security},
} 

@article{Bandhakavi:2011:VBE:1995376.1995398,
	author = {Bandhakavi, Sruthi and Tiku, Nandit and Pittman, Wyatt and King, Samuel T. and Madhusudan, P. and Winslett, Marianne},
	title = {Vetting Browser Extensions for Security Vulnerabilities with VEX},
	journal = {Commun. ACM},
	issue_date = {September 2011},
	volume = {54},
	number = {9},
	month = sep,
	year = {2011},
	issn = {0001-0782},
	pages = {91--99},
	numpages = {9},
	url = {http://doi.acm.org/10.1145/1995376.1995398},
	doi = {10.1145/1995376.1995398},
	acmid = {1995398},
	publisher = {ACM},
	address = {New York, NY, USA},
}

@inproceedings{TerLouw:2007:EWB:1420581.1420583,
	author = {Ter Louw, Mike and Lim, Jin Soon and Venkatakrishnan, V. N.},
	title = {Extensible Web Browser Security},
	booktitle = {Proceedings of the 4th International Conference on Detection of Intrusions and Malware, and Vulnerability Assessment},
	series = {DIMVA '07},
	year = {2007},
	isbn = {978-3-540-73613-4},
	location = {Lucerne, Switzerland},
	pages = {1--19},
	numpages = {19},
	url = {http://dx.doi.org/10.1007/978-3-540-73614-1_1},
	doi = {10.1007/978-3-540-73614-1_1},
	acmid = {1420583},
	publisher = {Springer-Verlag},
	address = {Berlin, Heidelberg},
} 

@inproceedings{Hallaraker:2005:DMJ:1078029.1078861,
	author = {Hallaraker, Oystein and Vigna, Giovanni},
	title = {Detecting Malicious JavaScript Code in Mozilla},
	booktitle = {Proceedings of the 10th IEEE International Conference on Engineering of Complex Computer Systems},
	series = {ICECCS '05},
	year = {2005},
	isbn = {0-7695-2284-X},
	pages = {85--94},
	numpages = {10},
	url = {http://dx.doi.org/10.1109/ICECCS.2005.35},
	doi = {10.1109/ICECCS.2005.35},
	acmid = {1078861},
	publisher = {IEEE Computer Society},
	address = {Washington, DC, USA},
	keywords = {Mobile Code, JavaScript, Web Applications},
} 

@inproceedings{ndss2007xss,
	author = {Philipp Vogt and Florian Nentwich and Nenad Jovanovic and Christopher Kruegel and Engin Kirda and Giovanni Vigna},
	title = {{Cross-Site Scripting Prevention with Dynamic Data Tainting and Static Analysis}},
	booktitle = {Network and Distributed Systems Security Symposium (NDSS)},
	location = {{San Diego, CA US}},
	month = {02},
	year = {2007},
}

@article{cs2015sentinel,
	author = {Kaan Onarlioglu and Ahmet Salih Buyukkayhan and William Robertson and Engin Kirda},
	title = {{Sentinel: Securing Legacy Firefox Extensions}},
	journal = {Computers \& Security},
	volume = {49},
	number = {0},
	month = {03},
	year = {2015},
	publisher = {Elsevier},
}

@article{Curran:2012:MBA:2433195.2433198,
	author = {Curran, Kevin and Dougan, Timothy},
	title = {Man in the Browser Attacks},
	journal = {Int. J. Ambient Comput. Intell.},
	issue_date = {January 2012},
	volume = {4},
	number = {1},
	month = jan,
	year = {2012},
	issn = {1941-6237},
	pages = {29--39},
	numpages = {11},
	url = {http://dx.doi.org/10.4018/jaci.2012010103},
	doi = {10.4018/jaci.2012010103},
	acmid = {2433198},
	publisher = {IGI Global},
	address = {Hershey, PA, USA},
	keywords = {Hacking, Internet Banking, Man-in-the-Browser, Man-in-the-Middle, Security},
} 

@TechReport{paulstone_clickjacking,
	author = {Paul Stone},
	title = {Next Generation Clickjacking},
	institution = {Context Information Security Ltd},
	year = {2010},
	OPTaddress = {4th Floor, 30 Marsh Wall, London E14 9TP},
	OPTmonth = {April},
}

@inproceedings{liu2011botnet,
	title={Botnet with browser extensions},
	author={Liu, Lei and Zhang, Xinwen and Chen, Songqing},
	booktitle={Privacy, Security, Risk and Trust (PASSAT) and 2011 IEEE Third Inernational Conference on Social Computing (SocialCom), 2011 IEEE Third International Conference on},
	pages={1089--1094},
	year={2011},
	organization={IEEE}
}

@inproceedings{Carlini:2012:EGC:2362793.2362800,
	author = {Carlini, Nicholas and Felt, Adrienne Porter and Wagner, David},
	title = {An Evaluation of the Google Chrome Extension Security Architecture},
	booktitle = {Proceedings of the 21st USENIX Conference on Security Symposium},
	series = {Security'12},
	year = {2012},
	location = {Bellevue, WA},
	pages = {7--7},
	numpages = {1},
	url = {http://dl.acm.org/citation.cfm?id=2362793.2362800},
	acmid = {2362800},
	publisher = {USENIX Association},
	address = {Berkeley, CA, USA},
} 

@inproceedings{extensions:cns14,
	title =        {Analyzing the dangers posed by {C}hrome extensions},
	author =       {Lujo Bauer and Shaoying Cai and Limin Jia and Timothy Passaro and Yuan Tian},
	booktitle =    {Proceedings of the IEEE Conference on Communications and Network Security},
	year =         2014,
	month =        oct,
	pages =        {184-192},
	url =          {http://www.ece.cmu.edu/~lbauer/papers/2014/cns2014-browserattacks.pdf},
	doi =          {10.1109/CNS.2014.6997485},
	publisher =    {IEEE},
	copyright =    {IEEE},
	keywords =     {browser security, web security},
}

@TechReport{paulstone_historysniffing,
	title =  {Pixel Perfect Timing Attacks with {HTML}5},
	author = {Paul Stone},	
	institution = {Context Information Security Ltd},
	year = {2013},
	OPTaddress = {4th Floor, 30 Marsh Wall, London E14 9TP},
	OPTmonth = {July},
}

@InProceedings{MBYS11, 
	author = {Keaton Mowery and Dillon Bogenreif and Scott Yilek and Hovav Shacham}, 
	title = {Fingerprinting Information in {JavaScript} Implementations}, 
	booktitle = {Proceedings of W2SP 2011}, 
	year = 2011, 
	editor = {Helen Wang}, 
	month = May, 
	organization = {IEEE Computer Society} 
}

@inproceedings{Nikiforakis:2013:CME:2497621.2498133,
	author = {Nikiforakis, Nick and Kapravelos, Alexandros and Joosen, Wouter and Kruegel, Christopher and Piessens, Frank and Vigna, Giovanni},
	title = {Cookieless Monster: Exploring the Ecosystem of Web-Based Device Fingerprinting},
	booktitle = {Proceedings of the 2013 IEEE Symposium on Security and Privacy},
	series = {SP '13},
	year = {2013},
	isbn = {978-0-7695-4977-4},
	pages = {541--555},
	numpages = {15},
	url = {http://dx.doi.org/10.1109/SP.2013.43},
	doi = {10.1109/SP.2013.43},
	acmid = {2498133},
	publisher = {IEEE Computer Society},
	address = {Washington, DC, USA},
	keywords = {fingerprinting, device identification, browser extensions},
} 

@inproceedings{Eckersley:2010:UYW:1881151.1881152,
	author = {Eckersley, Peter},
	title = {How Unique is Your Web Browser?},
	booktitle = {Proceedings of the 10th International Conference on Privacy Enhancing Technologies},
	series = {PETS'10},
	year = {2010},
	isbn = {3-642-14526-4, 978-3-642-14526-1},
	location = {Berlin, Germany},
	pages = {1--18},
	numpages = {18},
	url = {http://dl.acm.org/citation.cfm?id=1881151.1881152},
	acmid = {1881152},
	publisher = {Springer-Verlag},
	address = {Berlin, Heidelberg},
} 

@InProceedings{MS12, 
	author = {Keaton Mowery and Hovav Shacham}, 
	title = {Pixel Perfect: Fingerprinting Canvas in {HTML5}}, 
	booktitle = {Proceedings of W2SP 2012}, 
	year = 2012, 
	editor = {Matt Fredrikson},
	month = may, 
	organization = {IEEE Computer Society} 
}

@inproceedings{olejnik:hal-00747841,
	TITLE = {{Why Johnny Can't Browse in Peace: On the Uniqueness of Web Browsing History Patterns}},
	AUTHOR = {Olejnik, Lukasz and Castelluccia, Claude and Janc, Artur},
	URL = {https://hal.inria.fr/hal-00747841},
	BOOKTITLE = {{5th Workshop on Hot Topics in Privacy Enhancing Technologies (HotPETs 2012)}},
	ADDRESS = {Vigo, Spain},
	YEAR = {2012},
	MONTH = Jul,
	PDF = {https://hal.inria.fr/hal-00747841/file/johnny2hotpet-finalcam.pdf},
	HAL_ID = {hal-00747841},
	HAL_VERSION = {v1},
}

@inproceedings{Xing:2015:UMT:2736277.2741630,
	author = {Xing, Xinyu and Meng, Wei and Lee, Byoungyoung and Weinsberg, Udi and Sheth, Anmol and Perdisci, Roberto and Lee, Wenke},
	title = {Understanding Malvertising Through Ad-Injecting Browser Extensions},
	booktitle = {Proceedings of the 24th International Conference on World Wide Web},
	series = {WWW '15},
	year = {2015},
	isbn = {978-1-4503-3469-3},
	location = {Florence, Italy},
	pages = {1286--1295},
	numpages = {10},
	url = {http://doi.acm.org/10.1145/2736277.2741630},
	doi = {10.1145/2736277.2741630},
	acmid = {2741630},
	publisher = {ACM},
	address = {New York, NY, USA},
	keywords = {adware, browser extension, malvertising},
} 

@INPROCEEDINGS{Liu12chromeextensions:,
	author = {Lei Liu and Xinwen Zhang and Vuclip Inc and Guanhua Yan and Songqing Chen},
	title = {Chrome extensions: Threat analysis and countermeasures},
	booktitle = {In 19th Network and Distributed System Security Symposium (NDSS ’12},
	year = {2012}
}

@inproceedings{Xu:2013:JMS:2435349.2435364,
	author = {Xu, Wei and Zhang, Fangfang and Zhu, Sencun},
	title = {JStill: Mostly Static Detection of Obfuscated Malicious JavaScript Code},
	booktitle = {Proceedings of the Third ACM Conference on Data and Application Security and Privacy},
	series = {CODASPY '13},
	year = {2013},
	isbn = {978-1-4503-1890-7},
	location = {San Antonio, Texas, USA},
	pages = {117--128},
	numpages = {12},
	url = {http://doi.acm.org/10.1145/2435349.2435364},
	doi = {10.1145/2435349.2435364},
	acmid = {2435364},
	publisher = {ACM},
	address = {New York, NY, USA},
	keywords = {javascript, obfuscation, static detection},
} 

@inproceedings{caffinemonkey,
	added-at = {2010-10-27T03:34:56.000+0200},
	author = {Feinstein, Ben and Peck, Daniel},
	biburl = {http://www.bibsonomy.org/bibtex/2523a28f4984b6986e94875e0b90a3f2b/liangzk},
	booktitle = {DEFCON 15},
	file = {caffinemonkey.pdf:papers/others/caffinemonkey.pdf:PDF},
	interhash = {3aa69665de783f89797d1b480cab9f66},
	intrahash = {523a28f4984b6986e94875e0b90a3f2b},
	keywords = {javascript malware},
	timestamp = {2010-10-27T03:34:56.000+0200},
	title = {Caffeine Monkey: Automated Collection, Detection and Analysis of Malicious JavaScript},
	year = 2007
}

@article{kim2011suspicious,
	title={Suspicious malicious web site detection with strength analysis of a javascript obfuscation},
	author={Kim, Byung-Ik and Im, Chae-Tae and Jung, Hyun-Chul},
	journal={International Journal of Advanced Science and Technology},
	volume={26},
	pages={19--32},
	year={2011}
}

%Chrome

@misc {chromeDevelopement,
	title = {{Google Chrome Extension Developement Platform}},
	howpublished={\url{https://developer.chrome.com/extensions/}},
	note = {[accessed 2015-12-26]},
}

@misc {chromeDevApiList,
	title = {{Chrome Developer - JavaScript APIs}},
	howpublished = {\url{https://developer.chrome.com/extensions/api_index}},
	note = {[accessed 2015-12-26]},
}

@misc {chromeMaliciousDownloads,
	author = {Moheeb Abu Rajab},
	title = {Protecting users from malicious downloads},
	howpublished = {\url{http://blog.chromium.org/2011/04/protecting-users-from-malicious.html}},
	note = {[accessed 2015-12-26]},
}

@misc {chromeProtectFromMalicious,
	author = {Erik Kay},
	title = {{Chromium Blog - Protecting Windows users from malicious extensions }},
	howpublished = {\url{http://blog.chromium.org/2013/11/protecting-windows-users-from-malicious.html}},
	note = {[accessed 2016-01-18]},
}

@misc{chromiumBlogPasswordInput,
	author = {vabr@chromium.org},
	title = {Chromium Blog Issue 378419},
	howpublished = {\url{https://bugs.chromium.org/p/chromium/issues/detail?id=378419}},
	note = {[accessed 2016-03-18]}
}

%Mozilla 

@misc {mozillaBlogWebExtension,
	author = {Kev Needham},
	title = {{The Future of Developing Firefox Add-ons}},
	howpublished = {\url{https://blog.mozilla.org/addons/2015/08/21/the-future-of-developing-firefox-add-ons/}},
	note = {[accessed 2015-12-11]},
}

@misc {mozillaWebExtensionStatus,
	title = {{Mozilla Wiki - WebExtensions}},
	howpublished = {\url{https://wiki.mozilla.org/WebExtensions}},
	note = {[accessed 2015-12-30]},
}

@misc {mozillaDevApiList,
	title = {{MDN WebExtensions - Chrome incompatibilities}},
	howpublished = {\url{https://developer.mozilla.org/en-US/Add-ons/WebExtensions/Chrome_incompatibilities}},
	note = {[accessed 2015-12-26]},
}

@misc {mozillaDangerousEval,
	title = {{MDN JavaScript Reference - Don't use eval needlessly!}},
	howpublished = {\url{https://developer.mozilla.org/de/docs/Web/JavaScript/Reference/Global_Objects/eval#dont-use-it}},
	note = {[accessed 2015-12-29]},
}

@misc {mozillaDevHighLevelApiList,
	title = {{MDN ADD-ON SDK - High-Level APIs}},
	howpublished = {\url{https://developer.mozilla.org/en-US/Add-ons/SDK/High-Level_APIs}},
	note = {[accessed 2016-01-04]},
}

@misc {mozillaDevLowLevelApiList,
	title = {{MDN ADD-ON SDK - Low-Level APIs}},
	howpublished = {\url{https://developer.mozilla.org/en-US/Add-ons/SDK/Low-Level_APIs}},
	note = {[accessed 2016-01-04]},
}

@misc {mozillaDevSystemEvents,
	title = {{MDN ADD-ON SDK} - {O}bserver {N}otification},
	howpublished = {\url{https://developer.mozilla.org/en-US/docs/Observer_Notifications}},
	note = {[acessed 2016-01-04]},	
}

@misc {mozillaDevChromeAuthority,
	title = {{MDN ADD-ON SDK} - {C}hrome {A}uthority},
	howpublished = {\url{https://developer.mozilla.org/en-US/Add-ons/SDK/Tutorials/Chrome_Authority}},
	note = {[acessed 2016-01-04]},	
}

@misc {mozillaDevReviewPolicy,
	title = {{MDN} {A}dd-ons - {R}eview {P}olicies},
	howpublished = {\url{https://developer.mozilla.org/en-US/Add-ons/AMO/Policy/Reviews}},
	note = {[acessed 2016-01-18]},	
}

@misc {mozillaWikiClearPrivacyAPI,
	title={{NPAPI}:{C}lear{S}ite{D}ata},
	howpublished = {\url{https://wiki.mozilla.org/NPAPI:ClearPrivacyData}},
	note = {[accessed 2016-05-25]},
	
}

%Opera

@misc {operaBlogSwitchToChromium,
	author = {Andreas Bovens},
	title = {{Dev.Opera - Major Changes in Opera's Extensions Infrastructure}},
	howpublished = {\url{https://dev.opera.com/articles/major-changes-in-operas-extensions-infrastructure/}},
	note = {[accessed 2015-12-11]},
}

@misc {operaDevApiList,
	title = {{Dev.Opera - Extension APIs Supported in Opera}},
	howpublished = {\url{https://dev.opera.com/extensions/apis/}},
	note = {[accessed 2015-12-26]},
}

@misc {operaSecurityReviewAcceptance,
	title = {{Dev.Opera - Publishing Guidelines}},
	howpublished = {\url{https://dev.opera.com/extensions/publishing-guidelines/#acceptance-criteria}},
	note = {[accessed 2016-01-18]},
}

%Safari

@misc {safariContentBlockingRules,
	title = {{Safari Developer Library - Safari Content-Blocking Rules Reference}},
	howpublished={\url{https://developer.apple.com/library/safari/documentation/Extensions/Conceptual/ContentBlockingRules/Introduction/Introduction.html#//apple_ref/doc/uid/TP40016265}},
	note = {[accessed 2016-01-07]},
}

%w3c

@misc {w3cXMLHttpRequest,
	title = {{W}orld {W}ide {W}eb {C}onsortium {XMLH}ttp{R}equest specifications},
	howpublished = {https://www.w3.org/TR/XMLHttpRequest/},
	note = {[accessed 2016-04-27]},
	author = {Anne van Kesteren and Julian Aubourg and Jungkee Song and Hallvord R. M. Steen}	
}

@misc {w3cUrlSpecifications,
	title = {{W}orld {W}ide {W}eb {C}onsortium {URL} specifications},
	howpublished = {https://url.spec.whatwg.org/},
	note = {[accessed 2016-04-25]},
	author = {Anne van Kesteren},	
}

%misc

@misc {xFrameOptionsSpezification,
	title={{HTTP} {H}eader {F}ield {X}-{F}rame-{O}ptions},
	author = {D. Ross and T. Gondrom and Thames Stanley},
	howpublished = {\url{https://tools.ietf.org/html/rfc7034}},
	note = {[accessed 2016-05-24]}
}

@misc {xFrameOptionsCompability,
	title={The X-Frame-Options response header},
	author = {MDN},
	howpublished = {\url{https://developer.mozilla.org/en-US/docs/Web/HTTP/X-Frame-Options}},
	note = {[accessed 2016-05-24]}
}

@misc {domBrowserCompatibility,
	title = {{DOM Browser Support}},
	howpublished = {\url{http://www.webbrowsercompatibility.com/dom/desktop/}},
	note = {[accessed 2015-12-26]},
}

@misc {evercookie, 
	title = {evercookie -- never forget},
	author = {Samy Kamkar},
	howpublished = {\url{http://samy.pl/evercookie/}},
	note = {[accessed 2016-02-26]}	
}

@misc {8chanHola,
	title = {8Chan - Hola},
	author = {Fredrick Brennman},
	howpublished = {\url{https://8ch.net/hola.html}},
	note = {[accessed 2016-04-10]}
}

@misc {vectraHola,
	title = {Technical analysis of Hola},
	author = {Vectra Threat Labs},
	howpublished = {\url{http://blog.vectranetworks.com/blog/technical-analysis-of-hola}},
	note = {[accessed 2016-04-10]}
}

@misc {obfuscationDansTools,
	title = {Javascript Obfuscator/Encoder},
	author = {Dan's Tools},
	howpublished = {\url{http://www.danstools.com/javascript-obfuscate/index.php}},
	note = {[accessed 2016-05-10]}
}

@misc {obfuscationJavascriptObfuscator,
	title = {Javascript Obfuscator},
	author = {CuteSoft Components Inc},
	howpublished = {\url{https://javascriptobfuscator.com/Javascript-Obfuscator.aspx}},
	note = {[accessed 2016-05-10]}
}

@misc {obfuscationJscrambler,
	title = {jscrambler},
	author = {JScrambler},
	howpublished = {\url{https://jscrambler.com/en}},
	note = {[accessed 2016-05-10]}
}